<?xml version="1.0" encoding="UTF-8"?><record xmlns="http://www.loc.gov/MARC21/slim" xmlns:cinclude="http://apache.org/cocoon/include/1.0" xmlns:zs="http://www.loc.gov/zing/srw/">
  <leader>00454cz  a2200121n  4500</leader>
  <controlfield tag="001">n  88189028 </controlfield>
  <controlfield tag="003">DLC</controlfield>
  <controlfield tag="005">20141210072750.0</controlfield>
  <controlfield tag="008">890526n| azannaab           |n aaa      </controlfield>
  <datafield tag="010" ind1=" " ind2=" ">
    <subfield code="a">n  88189028 </subfield>
  </datafield>
  <datafield tag="040" ind1=" " ind2=" ">
    <subfield code="a">DLC</subfield>
    <subfield code="b">eng</subfield>
    <subfield code="e">rda</subfield>
    <subfield code="c">DLC</subfield>
    <subfield code="d">DLC</subfield>
  </datafield>
  <datafield tag="100" ind1="1" ind2=" ">
    <subfield code="a">Brallier, Jess M.</subfield>
  </datafield>
  <datafield tag="670" ind1=" " ind2=" ">
    <subfield code="a">Author's The pessimist's journal of very, very bad days, c1990:</subfield>
    <subfield code="b">CIP t.p. (Jess Brallier) pub. info. (former sales mgr., Little, Brown; now freelance writer) bk. t.p. (Jess M. Brallier)</subfield>
  </datafield>
</record>